%%% IN & PROCEEDINGS %%%%%%%%%%%%%%%%%%%%%%%%%%%%%%%%%%%%%%%%%%%%%%%%%%%%%%%%%
@inproceedings{paragogy,
 title = {Paragogy},
 author = {Joseph Corneli and Charles Jeffery Danoff},
 editor = {Sebastian Hellmann and Philipp Frischmuth and S\"oren Auer and Daniel Dietrich},
 booktitle = {Proceedings of the 6th Open Knowledge Conference},
 address = {Berlin, Germany},
 url = {http://ceur-ws.org/Vol-739/paper+5.pdf},
 year = {2011},
 keywords = {paragogy, learning, peer learning, P2P}}

@misc{Origins,
 title={The Origins of Pattern Theory, the Future of the Theory, And The Generation of a Living World,},
 author={Christopher Alexander},
 publisher={ACM Conference on Object-Oriented Programs, Systems, Languages and Applications (OOPSLA)},
 address ={San Jose, California},
 url={http://www.patternlanguage.com/archive/ieee/ieeetext.htm},
 year={1996}}

%%% BOOK %%%%%%%%%%%%%%%%%%%%%%%%%%%%%%%%%%%%%%%%%%%%%%%%%%%%%%%%%
@book{Tales,
 title={Patterns of Software},
 author={Richard P. Gabriel.},
 booktitle = {{Tales from the Software Community}},
 publisher={Oxford University Press},
 address ={New York},
 url={http://dreamsongs.net/Files/PatternsOfSoftware.pdf},
 year={1996}}

@book{OpenAdvice,
 title={Open Advice},
 editor={Lydia Pintscher},
 publisher={lulu.com},
 url={http://open-advice.org},
 year={2012}}

@book{bacon2012art,
  title={The art of community: Building the new age of participation},
  author={Bacon, Jono},
  year={2012},
  publisher={O'Reilly Media}
}


@inproceedings{crowstonXdefiningX2003,
	title = {Defining open source software project success},
	url = {http://citeseerx.ist.psu.edu/viewdoc/download;jsessionid=7AE1CC79557720765D731D368EF0A50E?doi=10.1.1.10.6110&rep=rep1&type=pdf},
	booktitle = {Proceedings of the 24th international conference on information systems (icis 2003)},
	publisher = {Citeseer},
	author = {Crowston, K. and Annabi, H. and Howison, J.},
	year = {2003},
	pages = {327--340},
	annote = {Provides positive criteria.}
}

@book{Peeragogy-2,
 title={The Peeragogy Handbook version 1.1},
 author={Howard Rheingold and others},
 publisher={Chicago: PubDomEd Press},
 url={http://peeragogy.org/},
 year={2013}}

@book{College,
 title={The New Invisible College},
 author={Caroline S. Wagner.},
 edition={Paperback edition},
 publisher={The Brookings Institution},
 address ={Washington D.C.},
 year={2005}}

@book{Bridges,
 title={The Bridges of God},
 booktitle={{A Study in the Strategy of Missions}},
 author={Donald McGavran},
 publisher={World Dominion Press},
 year={1955}}

%%% ARTICLES %%%%%%%%%%%%%%%%%%%%%%%%%%%%%%%%%%%%%%%%%%%%%%%%%%%%%%%%%
@article{peer,
  title={The {P}aragogical {A}ction {R}eview},
  author={Charles Jeffrey Danoff},
  journal={submitted to African Journal of Information Systems},
  volume={},
  number={},
  pages={37--65},
  year={2013},
  publisher={African Journal of Information Systems}}   

@article{Gluing,
  title={{G}luing the {W}eb {T}ogether: {A}n {I}nterview with {L}arry {W}all},
  author={Alicia Dougherty},
  journal={ZD Internet User},
  year={1998}}    

@article{GroupInformatics,
  title={Group Informatics: A Methodological Approach and Ontology for Understanding Socio-Technical Groups},
  author={Goggins, SP and Mascaro, C. and Valetto, G },
  journal={Journal of the American Society for Inforamation Science and Technology},
url={http://seangoggins.net/?q=GroupInformatics-JASIST2012},
  volume={},
  number={},
  pages={},
  year={2013}}   
 
@article{Why,
  title={Why do humans reason? Arguments for an argumentative theory},
  author={Hugo Mercier,Dan Sperber},
  pages={34,57--111},
  year={2011},
  url={http://www.sjsu.edu/people/anand.vaidya/courses/c5/s2/Why%20Do%20Humans%20Reason%20Sperber.pdf},
  journal={Behavioral and Brain Sciences}}
   
%%% COLLECTION %%%%%%%%%%%%%%%%%%%%%%%%%%%%%%%%%%%%%%%%%%%%%%%%%%%%%%%%%%%%%%
@incollection{PeeragogyinAction,
  title={Peeragogy in Action},
  booktitle={The Open Book},
  author={Joseph Corneli and Anna Keune and Charles Jeffrey Danoff and Amanda Lyons},
  journal={The 3rd open book in the Reaktio Series},
  pages={80--87},
  year={2013},
  publisher={The Finnish Institute in London}} 

%%% PREPRINTS %%%%%%%%%%%%%%%%%%%%%%%%%%%%%%%%%%%%%%%%%%%%%%%%%%%%%%%%%%%
     


@book{sinek2009start,
  title={Start with why: How great leaders inspire everyone to take action},
  author={Sinek, Simon},
  year={2009},
  publisher={Portfolio}
}


@article{vlissides1995design,
  title={Design patterns: Elements of reusable object-oriented software},
  author={Vlissides, John and Helm, R and Johnson, R and Gamma, E},
  journal={Reading: Addison-Wesley},
  volume={49},
  year={1995}
}


@book{page2008difference,
  title={The Difference: How the Power of Diversity Creates Better Groups, Firms, Schools, and Societies (New Edition)},
  author={Page, S.E.},
  year={2008},
  publisher={Princeton University Press}
}

@article{Wall,
title={Gluing the Web Together: An Interview with Larry Wall},
author={Alicia Dougherty},
journal={ZD Internet User},
issue={April 17},
year={1998},
url={http://www.softpanorama.org/People/Wall/larry_wall_articles_and_interviews.shtml}}